@Article{Kowalski2002,
  author = {Robin M. Kowalski},
  title  = {Whining, griping, and complaining: Positivity in the negativity},
  journal = {Journal of Clinical Psychology},
  year   = {2002},
  issn   = {0021-9762},
  pages  = {1023-1035},
  volume = {58},
  doi    = {10.1002/jclp.10095}
}
